@article{HERPaper,
    title={Hindsight experience replay},
    author={Andrychowicz, Marcin and Wolski, Filip and Ray, Alex and Schneider, Jonas and Fong, Rachel and Welinder, Peter and McGrew, Bob and Tobin, Josh and Pieter Abbeel, OpenAI and Zaremba, Wojciech},
    journal={Advances in neural information processing systems},
    volume={30},
    year={2017},
    url={https://arxiv.org/pdf/1707.01495.pdf},
    note = {last accessed: 2022-11-22}
}




@misc{MNISTcomparison,
    author = {Yann LeCunn and Corinna Cortes and Christopher J.C. Burges},
    title={The MNIST database of handwritten digits},
    url={http://yann.lecun.com/exdb/mnist/},
    note = {last accessed: 2022-01-17}
    }

@misc{tfAdam,
    title={Tensorflow Adam implementation},
    url = {https://www.tensorflow.org/api_docs/python/tf/keras/optimizers/Adam},
    note = {last accessed: 2021-11-05}
    }

@misc{tfDoc,
    title = {Tensorflow documentation},
    url = {https://www.tensorflow.org/api_docs/python/tf/keras},
    note = {last accessed: 2022-01-19}
    }
    
@misc{crossentropy,
    title={Categorical crossentropy},
    url={https://bit.ly/3tNOttb},
    note={accessed: 2022-01-04 on peltarion.com}
    }

@misc{customTfOptimizer,
    title = {custom DiffGrad implementation},
    author = {Evan Walters},
    url = {https://github.com/evanatyourservice/diffGrad-tf/blob/master/diffgrad.py},
    note = {last accessed: 2021-11-05}
    }


@article{masterthesis,
    title={A two-step machine learning for predicting the stability of chemical compositions},
    author = {Varadarajan Rengaraj},
    year={2019}
    }


@article{instrinsicDimension,
    title={Measuring the Intrinsic Dimension of Objective Landscapes}, 
    author={Chunyuan Li and Heerad Farkhoor and Rosanne Liu and Jason Yosinski},
    year={2018},
    eprint={1804.08838},
    archivePrefix={arXiv},
    primaryClass={cs.LG}
    }


@article{AdamPaper,
    title={\href{https://arxiv.org/pdf/1412.6980.pdf}{Adam: A Method for Stochastic Optimization}}, 
    author={Diederik P. Kingma and Jimmy Ba},
    year={2017},
    eprint={1412.6980},
    archivePrefix={arXiv},
    primaryClass={cs.LG},
    url={https://arxiv.org/pdf/1412.6980.pdf}
    }


@article{nonConvergencePaper,
    author    = {Sashank J. Reddi and
                Satyen Kale and
                Sanjiv Kumar},
    title     = {\href{https://arxiv.org/pdf/1904.09237.pdf}{On the Convergence of Adam and Beyond}},
    journal   = {CoRR},
    volume    = {abs/1904.09237},
    year      = {2019},
    url       = {http://arxiv.org/abs/1904.09237},
    archivePrefix = {arXiv},
    eprint    = {1904.09237},
    timestamp = {Fri, 26 Apr 2019 13:18:53 +0200},
    biburl    = {https://dblp.org/rec/journals/corr/abs-1904-09237.bib},
    bibsource = {dblp computer science bibliography, https://dblp.org}
    }
    
@misc{diffgradPaper,
      title={diffGrad: An Optimization Method for Convolutional Neural Networks}, 
      author={Shiv Ram Dubey and Soumendu Chakraborty and Swalpa Kumar Roy and Snehasis Mukherjee and Satish Kumar Singh and Bidyut Baran Chaudhuri},
      year={2021},
      eprint={1909.11015},
      archivePrefix={arXiv},
      primaryClass={cs.LG}
}

@article{seminarArticle,
    title = {Einf√ºhrung in den Optimierungsalgorithmus Adam},
    author = {Sebastian Jost},
    year = {2021},
    note = {geschrieben im Kurs: Seminar: Mathematische Optimierung SoSe 2021}
    }
    
@misc{source_code,
    title={source code for the experiments},
    author={Sebastian Jost},
    url = {https://github.com/simulatedScience/Bachelorthesis},
    }